@Book{GoodBengCour16,
  Title                    = {Deep Learning},
  Author                   = {Ian J. Goodfellow and Yoshua Bengio and Aaron Courville},
  Publisher                = {MIT Press},
  Year                     = {2016},

  Address                  = {Cambridge, MA, USA},
  Note                     = {\url{http://www.deeplearningbook.org}}
}

@book{feller1,
  added-at = {2007-04-10T16:00:38.000+0200},
  author = {Feller, William},
  biburl = {https://www.bibsonomy.org/bibtex/2ffca3cfe18c41b3cf8b28a6604a59e58/andreab},
  citeulike-article-id = {167212},
  description = {An Introduction to Probability Theory and Its Applications},
  howpublished = {Hardcover},
  interhash = {5913bc93a52c1fad7ce8b0993debf407},
  intrahash = {ffca3cfe18c41b3cf8b28a6604a59e58},
  isbn = {0471257087},
  keywords = {book combinatorics d4.1 discrete feller probability tagora},
  month = {January},
  priority = {2},
  publisher = {Wiley},
  timestamp = {2007-04-10T16:00:38.000+0200},
  title = {An Introduction to Probability Theory and Its Applications},
  url = {http://www.amazon.ca/exec/obidos/redirect?tag=citeulike04-20{\&}path=ASIN/0471257087},
  volume = 1,
  year = 1968
}


@misc{venkatesh2024,
  author       = {Santosh S. Venkatesh},
  title        = {University of Pennsylvania - Lectures on Conditional Probability},
  year         = {2024},
  howpublished = {\url{https://www.youtube.com/watch?v=vu_2qT-qB_Y&list=PLhCDzMM3Yov1DiPMQceoaj-QVy6ZCUiLc}},
  note         = {Accessed: 2024-07-17}
}

@misc{blitzstein2024,
  author       = {Joe Blitzstein},
  title        = {Harvard University - Statistics 101},
  year         = {2024},
  howpublished = {\url{https://youtube.com/playlist?list=PL2SOU6wwxB0uwwH80KTQ6ht66KWxbzTIo&si=BQbsxrSDx5yjeIcp}},
  note         = {Accessed: 2024-07-17}
}



@misc{mackay_youtube_playlist,
    author = {David MacKay},
    title = {Information Theory, Pattern Recognition, and Neural Networks},
    year = {n.d.},
    howpublished = {\url{https://youtube.com/playlist?list=PLruBu5BI5n4aFpG32iMbdWoRVAA-Vcso6&si=V1ajzYjkK3x_T1la}},
    note = {Produced by David MacKay, University of Cambridge},
}

@book{mackay_book,
author = {MacKay, David J. C.},
title = {Information Theory, Inference \& Learning Algorithms},
year = {2002},
isbn = {0521642981},
publisher = {Cambridge University Press},
address = {USA}
}


@misc{stationary_distributions,
    title = {Stationary Distributions},
    author = {GSIS-Tohuku},
    publisher = {{Tohoku University}},
    year = {2017},
    howpublished = {\url{https://www.math.is.tohoku.ac.jp/~obata/student/graduate/file/2017-GSIS-ProbModel6-9.pdf}},
    note = {Accessed: 2024-07-19}
}


@book{willey_info_theory,
author = {Cover, Thomas M. and Thomas, Joy A.},
title = {Elements of Information Theory (Wiley Series in Telecommunications and Signal Processing)},
year = {2006},
isbn = {0471241954},
publisher = {Wiley-Interscience},
address = {USA}
}

@misc{Sachdeva_MarkovChains,
    author = {Kapil Sachdeva},
    title = {Markov Chains - VISUALLY EXPLAINED + History!},
    year = {2022},
    howpublished = {\url{https://www.youtube.com/watch?v=CIe869Rce2k}},
    note = {Accessed: 2024-07-20}
}